
@misc{noauthor_uri_nodate,
	title = {Uri},
	url = {https://developer.android.com/reference/android/net/Uri},
	language = {en},
	urldate = {2024-09-24},
	journal = {Android Developers},
}

@misc{noauthor_intent_nodate,
	title = {Intent},
	url = {https://developer.android.com/reference/android/content/Intent},
	language = {en},
	urldate = {2024-09-24},
	journal = {Android Developers},
}

@misc{zeeshan_academy_how_2021,
	title = {How to use fragments in {Android} {Studio} {\textbar} {Understanding} {Fragments} for {Multi} {Layout} {App}},
	url = {https://www.youtube.com/watch?v=PiExmkR3aps},
	abstract = {How to use fragments in Android Studio {\textbar} Understanding Fragments for Multi Layout App 

in this tutorial we will learn about android studio,android fragments,android fragments tutorial,fragments in android,fragments in android studio,android studio tutorial,android fragment,fragments in android studio tutorial,how to use fragment in android studio,fragments in android studio java,android tablayout with fragments,fragments,fragment in android studio tutorial,android fragment tutorial,fragment in android,android fragments example,fragments in android tutorial,fragment

üì±üÜìDownload Android Professional Notes - FREE PDF (more than 1300 pages)
      ‚¨á‚¨á https://tinyurl.com/Android2023

Please Like Share and Subscribe My Channel for More Videos Tutorials.
https://www.youtube.com/zeeshanacadem...

Support me in making these free tutorials * Sponsor a Video* ¬†¬†/¬†zeeshanacademy¬†¬†

\#AndroidStudio \#Android \#AppDevelopment \#AndroidTutorial \#ZeeshanAcademy

....:::::: Watch More of MY Interesting Tutorials ::::::‚Ä¶..
Android Mobile Development https://bit.ly/3Bm6wXM
PHP Server-side Programming https://bit.ly/3zsySiH
HTML+CSS Web Programming https://bit.ly/3ypOd22
JavaScript Tutorials https://bit.ly/3DqSc2k
Java Programming https://bit.ly/3mFZCZl
Maya Modeling \& Animation Full Training Series 2018 https://bit.ly/3gE94sA
Autodesk Maya Modeling \& Animation Full Course https://bit.ly/2UX5lPg
Learn Autodesk Maya Tutorials in URDU/Hindi  https://bit.ly/38jwajF

Visit:
like FB page: ¬†¬†/¬†drzeeshanacademy¬†¬†
instagram: @zeeshan\_academy

Check out my courses on Udemy at https://www.udemy.com/user/zeeshan-bh...


onclicklistener android studio,android studio,android button click event,android button onclick,android button click,android button onclick tutorial,android onclicklistener multiple buttons,android studio tutorial,android button,android onclicklistener,android button onclicklistener,how to set onclicklistener on button in android studio,android onclick,button click event in kotlin android,android,onclicklistener,onclicklistener android studio in hindi},
	urldate = {2024-08-19},
	author = {{Zeeshan Academy}},
	month = sep,
	year = {2021},
}

@misc{studyflix_java_nodate,
	title = {Java {Datentypen} ‚Ä¢ einfach mit {Beispielen} erkl√§rt},
	url = {https://studyflix.de/informatik/primitive-datentypen-215},
	abstract = {Was sind Java Datentypen? ‚úÖ Welche primitive Datentypen gibt es in Java? ‚úÖ boolean, char, double, float, long, int, byte und short ‚úÖ mit kostenlosem Video},
	language = {de},
	urldate = {2024-04-12},
	journal = {Studyflix},
	author = {{Studyflix}},
}

@misc{wikipedia-autoren_java_2024,
	title = {Java virtual machine},
	copyright = {Creative Commons Attribution-ShareAlike License},
	url = {https://en.wikipedia.org/w/index.php?title=Java_virtual_machine&oldid=1228522892},
	abstract = {A Java virtual machine (JVM) is a virtual machine that enables a computer to run Java programs as well as programs written in other languages that are also compiled to Java bytecode. The JVM is detailed by a specification that formally describes what is required in a JVM implementation. Having a specification ensures interoperability of Java programs across different implementations so that program authors using the Java Development Kit (JDK) need not worry about idiosyncrasies of the underlying hardware platform.
The JVM reference implementation is developed by the OpenJDK project as open source code and includes a JIT compiler called HotSpot. The commercially supported Java releases available from Oracle are based on the OpenJDK runtime. Eclipse OpenJ9 is another open source JVM for OpenJDK.},
	language = {en},
	urldate = {2024-06-12},
	journal = {Wikipedia},
	author = {Wikipedia-Autoren},
	month = jun,
	year = {2024},
	note = {Page Version ID: 1228522892},
}

@misc{oa_what_nodate,
	title = {What is {Java} and why do {I} need it?},
	url = {https://www.java.com/en/download/help/whatis_java.html},
	urldate = {2024-06-12},
	author = {o.A.},
}

@misc{oa_zeichenerklarung_nodate,
	title = {Zeichenerkl√§rung 2024},
	url = {https://prod-swishop-s3.s3.eu-central-1.amazonaws.com/2024-03/symbols_de.pdf},
	urldate = {2024-11-06},
	author = {o.A.},
}

@misc{noauthor_morsen_nodate,
	title = {Morsen ‚Äì {Pfadiwiki}},
	url = {https://de.scoutwiki.org/Morsen},
	urldate = {2024-06-11},
}

@misc{noauthor_mobile_nodate,
	title = {Mobile {Betriebssysteme} - {Internetnutzung} {Mai} 2024},
	url = {https://de.statista.com/statistik/daten/studie/184335/umfrage/marktanteil-der-mobilen-betriebssysteme-weltweit-seit-2009/},
	abstract = {Android erreichte im Mai 2024 weltweit einen Marktanteil der Pageviews, welche √ºber mobile Betriebssysteme generiert wurden, von rund 71,5 Prozent.},
	language = {de},
	urldate = {2024-02-22},
	journal = {Statista},
}

@misc{noauthor_statikseil_nodate,
	title = {Statikseil {VECTOR} √∏12,5mm 50m {Gelb} von {Petzl}¬Æ},
	url = {https://www.kanirope.de/statikseil-vector-12-5mm-50m-gelb-petzl},
	abstract = {Halbstatisches Seil mit hoher Bruchlast VECTOR 12,5mm von Petzl - ist f√ºr Rettungseins√§tze bestimmt. Der sehr gro√üe Durchmesser b√ºrgt f√ºr hohe Bruchlast und hervorragende Griffsicherheit beim Handling von schweren Lasten. Die EverFlex-Konstruktion b√ºrgt f√ºr hohe Geschmeidigkeit und dauerhaften Erhalt der Leistungseigenschaften. In sechs Farben verf√ºgbares Seil.



Der sehr gro√üe Durchmesser b√ºrgt f√ºr hohe Bruchlast und hervorragende Griffsicherheit beim Handling von schweren Lasten
Dauerhafter Erhalt der Leistungseigenschaften:- EverFlex-Konstruktion mit einem Polyamidkern und einem Polyestermantel mit Spezialgeflecht.- Dank dieser Konstruktion bleibt das Seil bei allen Bedingungen (Wasser, Staub, Schlamm usw.) geschmeidig, was ein dauerhaft gutes Handling und eine optimale Funktion mit den Ger√§ten gew√§hrleistet.
Kundenspezifische Ausf√ºhrung auf Anfrage:- Bestellung von Seilen in einer bestimmten L√§nge m√∂glich.- Hinzuf√ºgen von vern√§hten Endverbindungen an einem oder beiden Seilenden, um √ºber ein einsatzbereites Seil zu verf√ºgen. Die Endverbindungen sind mit einer Schutzh√ºlle versehen, um das Verbindungselement in der richtigen Position zu halten und die Handhabung zu vereinfachen. Au√üerdem weisen sie eine h√∂here Bruchlast als ein Achterknoten auf
Durchmesser: 12,5 mm
Material: Polyester, Nylon
Gewicht pro Meter: 111 g
Bruchlast mit einem Achterknoten: 23 kN
Bruchlast mit vern√§hter Endverbindung: 34 kN
Fangsto√ü (mit Sturzfaktor 0,3): 5,7 kN
St√ºrze mit Sturzfaktor 1: 15
Konstruktion: 32-fach hohlgeflochten
Mantelanteil: 46 \%
Statische Dehnung: 2,8 \%
Farbe: Gelb
L√§nge: 50 m
Zertifizierung(en): EN 1891 type A, EAC, NFPA 1983 General Use},
	language = {de},
	urldate = {2024-06-10},
}

@misc{noauthor_mammut_nodate,
	title = {{MAMMUT} {Bergseil} {Protect} {Standard} online kaufen bei {INTERSPORT}!},
	url = {https://www.intersport.de/ausruestung/kletter-ausruestung/weitere-kletterausruestungen/24651/mammut-bergseil-protect-standard/?param=pt27},
	urldate = {2024-06-10},
}

@misc{noauthor_hanfseil_nodate,
	title = {Hanfseil gedreht},
	url = {https://www.seilerei.ch/produkte/faserseile/natur-und-kunstfaserseile/hanfseil-gedreht},
	urldate = {2024-06-10},
}

@book{muller_technix_2007,
	edition = {5. Auflage},
	title = {Technix},
	publisher = {Verlag Pfadi Z√ºri},
	author = {M√ºller, Rony},
	month = jun,
	year = {2007},
}

@book{noauthor_thilo_2014,
	edition = {25. Auflage},
	title = {Thilo {Schweizer} {Pfadib√ºchlein}},
	shorttitle = {Thilo},
	publisher = {Jordi AG, Belp},
	year = {2014},
}

@misc{the_code_city_how_2023,
	title = {How to {Push} {Code} to {Github} from {Android} {Studio} - {Step} by {Step} {Guide} (2023)},
	url = {https://www.youtube.com/watch?v=VJOblwM2KJ0},
	abstract = {In this tutorial, I'll show you how to push code to Github from Android Studio. Github is a very popular git repository management application, by pushing our code to github, we can keep track of our changes, make sure our code is safe, and support teamwork on the same codebase.

‚òïBuy me a coffee: https://www.buymeacoffee.com/thecodecity
üåêConnect with me:
- TikTok: tiktok.com/@thecodecity
- Twitter: ¬†¬†/¬†thecodecity¬†¬†
- Instagram: ¬†¬†/¬†thecodecity¬†¬†
- Website: https://thecodecity.com

By the end of this video, you'll have created a Github account, installed git in your system, create a demo project, a local git repository and pushed the code to github.

If you have any problems trying to push code to github via android studio, let me know in the comments below.

\#git \#github \#androidstudio},
	urldate = {2024-06-10},
	author = {{The Code City}},
	month = dec,
	year = {2023},
}

@article{carlisle_tabularx_nodate,
	title = {The tabularx package},
	abstract = {A new environment, tabularx, is defined, which takes the same arguments as tabular*, but modifies the widths of certain columns, rather than the inter column space, to set a table with the requested total width. The columns that may stretch are marked with the new token X in the preamble argument.},
	language = {en},
	author = {Carlisle, David},
}

@misc{freecodecamporg_android_2020,
	title = {Android {Development} for {Beginners} - {Full} {Course}},
	url = {https://www.youtube.com/watch?v=fis26HvvDII},
	abstract = {Learn how to develop an android app from scratch in this full course for beginners. No prior programming experience required!
Here is the 2nd part of this course (also free!): ¬†¬†¬†‚Ä¢¬†Android¬†Development¬†for¬†Beginners¬†-¬†F...¬†¬†

In this course, you will learn how to build a real-word Android application from scratch using Java. On the way to building an Android app, you will learn the basics of programming in Java and object-oriented programming.

‚úèÔ∏è Course from MeiCode. Check out his YouTube channel: ¬†¬†¬†/¬†@meicode¬†¬†

Extended 55-hour course: https://courses.meicode.org/courses/a...

‚≠êÔ∏è Course Contents ‚≠êÔ∏è
‚å®Ô∏è (0:00) Course Introduction
‚å®Ô∏è (3:12) Setup The Environment
‚å®Ô∏è (18:52) Create Your First Application (Part 1)
‚å®Ô∏è (43:53) Create Your First Application (Part 2)
‚å®Ô∏è (59:20) Challenge
‚å®Ô∏è (1:07:19) Variables and Arithmetic Operators
‚å®Ô∏è (1:31:12) Relational and Logical Operators) Conditional Statements
‚å®Ô∏è (1:47:43) Loops
‚å®Ô∏è (2:04:13) Challenge (Create a Game)
‚å®Ô∏è (2:16:00) Simple Arrays
‚å®Ô∏è (2:27:51) Object Oriented Programming (Part 1)
‚å®Ô∏è (2:49:30) Object Oriented Programming (Part 2)
‚å®Ô∏è (3:06:02) Object Oriented Programming (Part 3)
‚å®Ô∏è (3:19:41) OOP Challenge
‚å®Ô∏è (3:43:56) Collections in Java
‚å®Ô∏è (4:06:14) Static Keyword - Inner Classes
‚å®Ô∏è (4:17:04) Interfaces and Abstract Classes
‚å®Ô∏è (4:35:26) Concurrency - Exceptions
‚å®Ô∏è (4:46:05) Singleton Pattern
‚å®Ô∏è (4:56:00) Challenge (Part 1)
‚å®Ô∏è (5:18:16) Challenge (Part 2)
‚å®Ô∏è (5:39:40) User Interface Basics (Part 1)
‚å®Ô∏è (6:04:21) User Interface Basics (Part 2)
‚å®Ô∏è (6:33:09) User Interface Basics (Part 3)
‚å®Ô∏è (6:58:39) Layouts
‚å®Ô∏è (7:26:53) Images
‚å®Ô∏è (7:37:32) ListView and Spinner
‚å®Ô∏è (8:00:57) Different XML Files (Part 1)
‚å®Ô∏è (8:29:41) Different XML Files (Part 2)
‚å®Ô∏è (8:41:09) Material Design
‚å®Ô∏è (8:59:58) Snackbar and CardView
‚å®Ô∏è (9:16:51) RecyclerView (Part 1)
‚å®Ô∏è (9:39:02) RecyclerView (Part 2)
‚å®Ô∏è (10:03:50) RecyclerView (Part 3)
‚å®Ô∏è (10:22:26) Fonts
‚å®Ô∏è (10:38:35) Challenge (Part 1)
‚å®Ô∏è (10:57:16) Challenge (Part 2)
‚å®Ô∏è (10:13:18) Create App's First Page - Intents
‚å®Ô∏è ‚≠êÔ∏è More in part 2: ¬†¬†¬†‚Ä¢¬†Android¬†Development¬†for¬†Beginners¬†-¬†F...},
	urldate = {2024-04-22},
	author = {{freeCodeCamp.org}},
	month = may,
	year = {2020},
}

@misc{krieger_user_2022,
	title = {User {Story} - {Definition}, {Aufbau} und {Beispiele}},
	url = {https://www.brainformatik.com/blog/user-story/},
	abstract = {Was ist eine User Story und wie kann ich sie in meinem Projektmanagement einsetzen? Das und mehr erfahren Sie hier!},
	language = {de-DE},
	urldate = {2024-04-07},
	author = {Krieger, Florentyna},
	month = jun,
	year = {2022},
}

@misc{noauthor_java_nodate,
	title = {Java {Tutorial} {Erste} {Schritte} - {YouTube}},
	url = {https://www.youtube.com/playlist?list=PLNmsVeXQZj7qI9vtiiU5bJBfbxqBailVM},
	abstract = {Enjoy the videos and music you love, upload original content, and share it all with friends, family, and the world on YouTube.},
	language = {en},
	urldate = {2024-03-07},
	author = {, The Morpheus Tutorial},
}

@misc{programmieren_lernen_java_2021,
	title = {Java {Tutorial} f√ºr {Anf√§nger} ({Deutsch})},
	url = {https://www.youtube.com/watch?v=HuYs2Vp3GtM},
	abstract = {Kostenloses Beratungsgespr√§ch: https://weiterbildung.developerakadem...

In diesem Anf√§nger-Tutorial lernst du die Programmiersprache Java. Java ist eine sehr verbreitete Programmiersprache mit einer gro√üen Community.
In diesem Kurs lernst du alles, was du als kompletter Anf√§nger wissen musst um deine eigenen Programme mit Java zu schreiben.


00:00 {\textbar} Einleitung
01:28 {\textbar} Was ist Java?
08:26 {\textbar} Installation
11:55 {\textbar} Dein erstes Programm
17:21 {\textbar} Variablen
21:28 {\textbar} Verzweigungen
28:02 {\textbar} Funktionen
33:57 {\textbar} W√§hrungsrechner
48:12 {\textbar} Spiel: Zahl raten
01:09:21 {\textbar} Grafische Oberfl√§che

Instagram: ¬†¬†/¬†junus.ergin¬†¬† (Junus Ergin)
Tiktok: ¬†¬†/¬†herr\_programmierer¬†¬† (Herr Programmierer)

\_\_\_\_ √úber diesen Kanal \_\_\_
Die Developer Akademie bildet dich zum Programmierer weiter. Auch wenn du noch NIE eine Zeile Code geschrieben hast, ist es m√∂glich in 3 - 6 Monaten einen gut bezahlten Job zu finden. Daf√ºr musst du NICHT nur programmieren mit Online-Tutorials lernen, sondern einen guten LEBENSLAUF mit vielen verschiedenen Projekten vorweisen. In unserem Programm hast du st√§ndigen Kontakt zu unseren Coaches, Hausaufgaben, Abgabefristen und Projekte aus der Praxis f√ºr deinen Lebenslauf.
Am Ende erstellen wir mit dir einen perfekten Lebenslauf und unterst√ºtzen dich bei deiner Bewerbung.
Informiere dich auf https://weiterbildung.developerakadem...},
	urldate = {2024-02-24},
	author = {{Programmieren lernen}},
	month = aug,
	year = {2021},
}
