@misc{anforderungen,
    title        = {Etappenanforderungen},
    author       = {Pfadi Rhätikon Schiers},
    note         = {\url{https://pfadischiers.ch/wp-content/uploads/2022/10/Etappen_Anforderungen-2022.pdf} (besucht am 22.02.2024)}
}
@book{dummies,
    author = {E. G. Haffner},
    title = {Informatik für Dummies},
    publisher = {Wiley-VCH Verlag},
    pages = {481--487},
    year = 2017
}

@misc{statistik_android,
    title = {Marktanteile der führenden mobilen Betriebssysteme an der Internetnutzung mit Mobiltelefonen weltweit von Januar 2011 bis Januar 2024},
    author = {{o.A.}},
    howpublished = {\url{https://de.statista.com/statistik/daten/studie/184335/umfrage/marktanteil-der-mobilen-betriebssysteme-weltweit-seit-2009/}},
    note = {(besucht am 22.02.2024)}
}
@misc{userstories,
    title = {User Story - Definition, Aufbau und Beispiele},
    author = {Florentyna Krieger},
    howpublished = {\url{https://www.brainformatik.com/blog/user-story/}},
    note = {(besucht am 07.04.2024)}
}
