
@book{muller_technix_2007,
	edition = {5. Auflage},
	title = {Technix},
	publisher = {Verlag Pfadi Züri},
	author = {Müller, Rony},
	month = jun,
	year = {2007},
}

@book{noauthor_thilo_2014,
	edition = {25. Auflage},
	title = {Thilo {Schweizer} {Pfadibüchlein}},
	shorttitle = {Thilo},
	publisher = {Jordi AG, Belp},
	year = {2014},
}

@misc{the_code_city_how_2023,
	title = {How to {Push} {Code} to {Github} from {Android} {Studio} - {Step} by {Step} {Guide} (2023)},
	url = {https://www.youtube.com/watch?v=VJOblwM2KJ0},
	abstract = {In this tutorial, I'll show you how to push code to Github from Android Studio. Github is a very popular git repository management application, by pushing our code to github, we can keep track of our changes, make sure our code is safe, and support teamwork on the same codebase.

☕Buy me a coffee: https://www.buymeacoffee.com/thecodecity
🌐Connect with me:
- TikTok: tiktok.com/@thecodecity
- Twitter:   / thecodecity  
- Instagram:   / thecodecity  
- Website: https://thecodecity.com

By the end of this video, you'll have created a Github account, installed git in your system, create a demo project, a local git repository and pushed the code to github.

If you have any problems trying to push code to github via android studio, let me know in the comments below.

\#git \#github \#androidstudio},
	urldate = {2024-06-10},
	author = {{The Code City}},
	month = dec,
	year = {2023},
}

@article{carlisle_tabularx_nodate,
	title = {The tabularx package},
	abstract = {A new environment, tabularx, is defined, which takes the same arguments as tabular*, but modifies the widths of certain columns, rather than the inter column space, to set a table with the requested total width. The columns that may stretch are marked with the new token X in the preamble argument.},
	language = {en},
	author = {Carlisle, David},
}

@misc{freecodecamporg_android_2020,
	title = {Android {Development} for {Beginners} - {Full} {Course}},
	url = {https://www.youtube.com/watch?v=fis26HvvDII},
	abstract = {Learn how to develop an android app from scratch in this full course for beginners. No prior programming experience required!
Here is the 2nd part of this course (also free!):    • Android Development for Beginners - F...  

In this course, you will learn how to build a real-word Android application from scratch using Java. On the way to building an Android app, you will learn the basics of programming in Java and object-oriented programming.

✏️ Course from MeiCode. Check out his YouTube channel:    / @meicode  

Extended 55-hour course: https://courses.meicode.org/courses/a...

⭐️ Course Contents ⭐️
⌨️ (0:00) Course Introduction
⌨️ (3:12) Setup The Environment
⌨️ (18:52) Create Your First Application (Part 1)
⌨️ (43:53) Create Your First Application (Part 2)
⌨️ (59:20) Challenge
⌨️ (1:07:19) Variables and Arithmetic Operators
⌨️ (1:31:12) Relational and Logical Operators) Conditional Statements
⌨️ (1:47:43) Loops
⌨️ (2:04:13) Challenge (Create a Game)
⌨️ (2:16:00) Simple Arrays
⌨️ (2:27:51) Object Oriented Programming (Part 1)
⌨️ (2:49:30) Object Oriented Programming (Part 2)
⌨️ (3:06:02) Object Oriented Programming (Part 3)
⌨️ (3:19:41) OOP Challenge
⌨️ (3:43:56) Collections in Java
⌨️ (4:06:14) Static Keyword - Inner Classes
⌨️ (4:17:04) Interfaces and Abstract Classes
⌨️ (4:35:26) Concurrency - Exceptions
⌨️ (4:46:05) Singleton Pattern
⌨️ (4:56:00) Challenge (Part 1)
⌨️ (5:18:16) Challenge (Part 2)
⌨️ (5:39:40) User Interface Basics (Part 1)
⌨️ (6:04:21) User Interface Basics (Part 2)
⌨️ (6:33:09) User Interface Basics (Part 3)
⌨️ (6:58:39) Layouts
⌨️ (7:26:53) Images
⌨️ (7:37:32) ListView and Spinner
⌨️ (8:00:57) Different XML Files (Part 1)
⌨️ (8:29:41) Different XML Files (Part 2)
⌨️ (8:41:09) Material Design
⌨️ (8:59:58) Snackbar and CardView
⌨️ (9:16:51) RecyclerView (Part 1)
⌨️ (9:39:02) RecyclerView (Part 2)
⌨️ (10:03:50) RecyclerView (Part 3)
⌨️ (10:22:26) Fonts
⌨️ (10:38:35) Challenge (Part 1)
⌨️ (10:57:16) Challenge (Part 2)
⌨️ (10:13:18) Create App's First Page - Intents
⌨️ ⭐️ More in part 2:    • Android Development for Beginners - F...},
	urldate = {2024-04-22},
	author = {{freeCodeCamp.org}},
	month = may,
	year = {2020},
}

@misc{krieger_user_2022,
	title = {User {Story} - {Definition}, {Aufbau} und {Beispiele}},
	url = {https://www.brainformatik.com/blog/user-story/},
	abstract = {Was ist eine User Story und wie kann ich sie in meinem Projektmanagement einsetzen? Das und mehr erfahren Sie hier!},
	language = {de-DE},
	urldate = {2024-04-07},
	author = {Krieger, Florentyna},
	month = jun,
	year = {2022},
}

@misc{noauthor_java_nodate,
	title = {Java {Tutorial} {Erste} {Schritte} - {YouTube}},
	url = {https://www.youtube.com/playlist?list=PLNmsVeXQZj7qI9vtiiU5bJBfbxqBailVM},
	abstract = {Enjoy the videos and music you love, upload original content, and share it all with friends, family, and the world on YouTube.},
	language = {en},
	urldate = {2024-03-07},
	author = {, The Morpheus Tutorial},
}

@misc{programmieren_lernen_java_2021,
	title = {Java {Tutorial} für {Anfänger} ({Deutsch})},
	url = {https://www.youtube.com/watch?v=HuYs2Vp3GtM},
	abstract = {Kostenloses Beratungsgespräch: https://weiterbildung.developerakadem...

In diesem Anfänger-Tutorial lernst du die Programmiersprache Java. Java ist eine sehr verbreitete Programmiersprache mit einer großen Community.
In diesem Kurs lernst du alles, was du als kompletter Anfänger wissen musst um deine eigenen Programme mit Java zu schreiben.


00:00 {\textbar} Einleitung
01:28 {\textbar} Was ist Java?
08:26 {\textbar} Installation
11:55 {\textbar} Dein erstes Programm
17:21 {\textbar} Variablen
21:28 {\textbar} Verzweigungen
28:02 {\textbar} Funktionen
33:57 {\textbar} Währungsrechner
48:12 {\textbar} Spiel: Zahl raten
01:09:21 {\textbar} Grafische Oberfläche

Instagram:   / junus.ergin   (Junus Ergin)
Tiktok:   / herr\_programmierer   (Herr Programmierer)

\_\_\_\_ Über diesen Kanal \_\_\_
Die Developer Akademie bildet dich zum Programmierer weiter. Auch wenn du noch NIE eine Zeile Code geschrieben hast, ist es möglich in 3 - 6 Monaten einen gut bezahlten Job zu finden. Dafür musst du NICHT nur programmieren mit Online-Tutorials lernen, sondern einen guten LEBENSLAUF mit vielen verschiedenen Projekten vorweisen. In unserem Programm hast du ständigen Kontakt zu unseren Coaches, Hausaufgaben, Abgabefristen und Projekte aus der Praxis für deinen Lebenslauf.
Am Ende erstellen wir mit dir einen perfekten Lebenslauf und unterstützen dich bei deiner Bewerbung.
Informiere dich auf https://weiterbildung.developerakadem...},
	urldate = {2024-02-24},
	author = {{Programmieren lernen}},
	month = aug,
	year = {2021},
}
